@article{Manjunath:desc,
 author = {Manjunath, B. S. and Ohm, J. -R. and Vasudevan, V. V. and Yamada, A.},
 title = {Color and Texture Descriptors},
 journal = {IEEE Trans. Cir. and Sys. for Video Technol.},
 issue_date = {June 2001},
 volume = {11},
 number = {6},
 month = jun,
 year = {2001},
 issn = {1051-8215},
 pages = {703--715},
 numpages = {13},
 url = {http://dx.doi.org/10.1109/76.927424},
 doi = {10.1109/76.927424},
 acmid = {2323252},
 publisher = {IEEE Press},
 address = {Piscataway, NJ, USA},
}

@inproceedings{p-vcd1,
author = {Juan Manuel Barrios and Benjamin Bustos},
title = {P-VCD: a pivot-based approach for content-based video copy detection},
booktitle = {Proc. IEEE International Conference on Multimedia and Expo (ICME'11)},
year = {2011},
}

@inproceedings{p-vcd2,
author = {Juan Manuel Barrios and Benjamin Bustos and Xavier Anguera},
title = {Combining features at search time: PRISMA at Video Copy Detection Task},
booktitle = {Proc. TRECVID 2011},
year = {2011},
numpages = {8}
}

@inproceedings{Katsuni:cld,
  added-at = {2005-09-07T00:00:00.000+0200},
  author = {Kasutani, Eiji and Yamada, Akio},
  biburl = {http://www.bibsonomy.org/bibtex/275f13f2c6e2825d1356e582aecf7af3b/dblp},
  booktitle = {ICIP (1)},
  date = {2005-09-07},
  description = {dblp},
  ee = {http://dx.doi.org/10.1109/ICIP.2001.959135},
  interhash = {c151d0fd3d5026d157d09d23bc69ad6b},
  intrahash = {75f13f2c6e2825d1356e582aecf7af3b},
  keywords = {dblp},
  pages = {674-677},
  timestamp = {2005-09-07T00:00:00.000+0200},
  title = {The MPEG-7 color layout descriptor: a compact image feature description for high-speed image/video segment retrieval.},
  url = {http://dblp.uni-trier.de/db/conf/icip/icip2001-1.html#KasutaniY01},
  year = 2001
}
@inproceedings{ParkJW00:ehd,
  added-at = {2011-12-23T00:00:00.000+0100},
  author = {Park, Dong Kwon and Jeon, Yoon Seok and Won, Chee Sun},
  biburl = {http://www.bibsonomy.org/bibtex/26bf8db5f8b7b8296b03183279e819428/dblp},
  booktitle = {ACM Multimedia Workshops},
  crossref = {conf/mm/2000w},
  editor = {Ghandeharizadeh, Shahram and Chang, Shih-Fu and Fischer, Stephen and Konstan, Joseph A. and Nahrstedt, Klara},
  ee = {http://doi.acm.org/10.1145/357744.357758},
  interhash = {c82d1aa498b529364bdd9596b96d5555},
  intrahash = {6bf8db5f8b7b8296b03183279e819428},
  isbn = {1-58113-311-1},
  keywords = {dblp},
  pages = {51-54},
  publisher = {ACM Press},
  timestamp = {2011-12-24T11:49:01.000+0100},
  title = {Efficient use of local edge histogram descriptor.},
  url = {http://dblp.uni-trier.de/db/conf/mm/mm2000w.html#ParkJW00},
  year = 2000
},

@phdthesis{tesis,
	author		= "Juan Manuel Barrios",
	title		= "Content-based copy detection",
	school		= "Universidad de Chile",
	address	= "Disponible en http://www.repositorio.uchile.cl/handle/2250/115521",
	year		= "2013",
	%month		= "",
	%keywords	= "",
	note		= "Disponible en http://www.repositorio.uchile.cl/handle/2250/115521",
}

@MISC{descriptors,
    author = {Y. Alp Aslandogan and Clement T. Yu},
    title = {Techniques and Systems for Image and Video Retrieval},
    year = {1999}
}
@book{opencv,
 author = {Bradski, Dr. Gary Rost and Kaehler, Adrian},
 title = {Learning Opencv, 1st Edition},
 year = {2008},
 isbn = {9780596516130},
 edition = {First},
 publisher = {O'Reilly Media, Inc.},
} 

@MISC{android,
title = {Documentación del sistema Android},
note = {Accesado: 20-12-2015},
howpublished={\url{http://developer.android.com/guide/index.html}}
}

@MISC{yuv,
title = {Especificación del formato YUV 420 NV21},
note = {Accesado: 20-12-2015},
howpublished={\url{http://www.fourcc.org/yuv.php#NV21}}}
}